@INPROCEEDINGS{Vakalopoulou2015, 
author={M. Vakalopoulou and K. Karantzalos and N. Komodakis and N. Paragios}, 
booktitle={2015 IEEE International Geoscience and Remote Sensing Symposium (IGARSS)}, 
title={Building detection in very high resolution multispectral data with deep learning features}, 
year={2015}, 
volume={}, 
number={}, 
pages={1873-1876}, 
keywords={buildings (structures);image classification;image resolution;neural nets;object detection;remote sensing;town and country planning;MRF model;automated building detection framework;automated man-made object detection;building extraction;deep convolutional neural networks;deep learning features;optimal labels;quantitative validation;satellite images;scene building detection;supervised classification procedure;training dataset;urban monitoring engineering applications;urban planning applications;very high resolution multispectral data;very high resolution remote sensing data;Buildings;Feature extraction;Image resolution;Remote sensing;Satellites;Support vector machines;Training;ImageNet;Machine learning;deep convolutional networks;extraction;man made objects}, 
doi={10.1109/IGARSS.2015.7326158}, 
ISSN={2153-6996}, 
month={July},}

@article{crf2012,
  author    = {Philipp Kr{\"{a}}henb{\"{u}}hl and
               Vladlen Koltun},
  title     = {Efficient Inference in Fully Connected CRFs with Gaussian Edge Potentials},
  journal   = {CoRR},
  volume    = {abs/1210.5644},
  year      = {2012},
  url       = {http://arxiv.org/abs/1210.5644},
  archivePrefix = {arXiv},
  eprint    = {1210.5644},
  timestamp = {Wed, 07 Jun 2017 14:40:54 +0200},
  biburl    = {http://dblp.org/rec/bib/journals/corr/abs-1210-5644},
  bibsource = {dblp computer science bibliography, http://dblp.org}
}

@Article{Russakovsky2015,
author="Russakovsky, Olga
and Deng, Jia
and Su, Hao
and Krause, Jonathan
and Satheesh, Sanjeev
and Ma, Sean
and Huang, Zhiheng
and Karpathy, Andrej
and Khosla, Aditya
and Bernstein, Michael
and Berg, Alexander C.
and Fei-Fei, Li",
title="ImageNet Large Scale Visual Recognition Challenge",
journal="International Journal of Computer Vision",
year="2015",
month="Dec",
day="01",
volume="115",
number="3",
pages="211--252",
issn="1573-1405",
doi="10.1007/s11263-015-0816-y",
url="https://doi.org/10.1007/s11263-015-0816-y"
}

@Article{Russell2008,
author="Russell, Bryan C.
and Torralba, Antonio
and Murphy, Kevin P.
and Freeman, William T.",
title="LabelMe: A Database and Web-Based Tool for Image Annotation",
journal="International Journal of Computer Vision",
year="2008",
month="May",
day="01",
volume="77",
number="1",
pages="157--173",
issn="1573-1405",
doi="10.1007/s11263-007-0090-8",
url="https://doi.org/10.1007/s11263-007-0090-8"
}

@InProceedings{Ros2016synthetic,
author = {Ros, German and Sellart, Laura and Materzynska, Joanna and Vazquez, David and Lopez, Antonio M.},
title = {The SYNTHIA Dataset: A Large Collection of Synthetic Images for Semantic Segmentation of Urban Scenes},
booktitle = {The IEEE Conference on Computer Vision and Pattern Recognition (CVPR)},
month = {June},
year = {2016}
}
@inproceedings{Xie2016CVPR,
  title = {Semantic Instance Annotation of Street Scenes by 3D to 2D Label Transfer},
  author = {Xie, Jun and Kiefel, Martin and Sun, Ming-Ting and Geiger, Andreas},
  booktitle = { IEEE Conf. on Computer Vision and Pattern Recognition (CVPR)},
  month = jun,
  year = {2016},
  month_numeric = {6}
}
	
@inproceedings{Budvytis2010label,
   title = {Label propagation in complex video sequences using semi-supervised learning},
   author = {Budvytis, Ignas and Badrinarayanan, Vijay and Cipolla, Roberto},
   year = {2010},
   pages = {27.1--27.12},
   booktitle = {Proceedings of the British Machine Vision Conference},
   publisher = {BMVA Press},
   editors = {Labrosse, Fr\'ed\'eric and Zwiggelaar, Reyer and Liu, Yonghuai and Tiddeman, Bernie},
   isbn = {1-901725-40-5},
   note = {doi:10.5244/C.24.27}
}
@inproceedings{Holzmann2017,
author = {Holzmann, Thomas and Oswald, Martin and Pollefeys, Marc and Fraundorfer, Friedrich and Bischof, Horst},
year = {2017},
month = {09},
pages = {},
title = {Plane-based Surface Regularization for Urban 3D Reconstruction}
}
@article{fischler1981,
author = {A. Fischler, Martin and C. Bolles, Robert},
year = {1981},
month = {06},
pages = {381-395},
title = {Random Sample Consensus: A Paradigm for Model Fitting with Applications To Image Analysis and Automated Cartography},
volume = {24},
booktitle = {Communications of the ACM}
}

@INPROCEEDINGS{multiclass2015, 
author={B. Liu and X. He}, 
booktitle={2015 IEEE Conference on Computer Vision and Pattern Recognition (CVPR)}, 
title={Multiclass semantic video segmentation with object-level active inference}, 
year={2015}, 
volume={}, 
number={}, 
pages={4286-4294}, 
doi={10.1109/CVPR.2015.7299057}, 
ISSN={1063-6919}, 
month={June}}

@INPROCEEDINGS{large2017, 
author={I. Budvytis and P. Sauer and T. Roddick and K. Breen and R. Cipolla}, 
booktitle={2017 IEEE International Conference on Computer Vision Workshops (ICCVW)}, 
title={Large Scale Labelled Video Data Augmentation for Semantic Segmentation in Driving Scenarios}, 
year={2017}, 
volume={}, 
number={}, 
pages={230-237}, 
doi={10.1109/ICCVW.2017.36}, 
ISSN={}, 
month={Oct}}

@INPROCEEDINGS{multiple2009, 
author={J. Xiao and L. Quan}, 
booktitle={2009 IEEE 12th International Conference on Computer Vision}, 
title={Multiple view semantic segmentation for street view images}, 
year={2009}, 
volume={}, 
number={}, 
pages={686-693}, 
doi={10.1109/ICCV.2009.5459249}, 
ISSN={1550-5499}, 
month={Sept},}

@INPROCEEDINGS{fcn, 
author={J. Long and E. Shelhamer and T. Darrell}, 
booktitle={2015 IEEE Conference on Computer Vision and Pattern Recognition (CVPR)}, 
title={Fully convolutional networks for semantic segmentation}, 
year={2015}, 
volume={}, 
number={}, 
pages={3431-3440}, 
doi={10.1109/CVPR.2015.7298965}, 
ISSN={1063-6919}, 
month={June},}

@inproceedings{crfasrnn_ICCV2015,
    author = {Shuai Zheng and Sadeep Jayasumana and Bernardino Romera-Paredes and Vibhav Vineet and
    Zhizhong Su and Dalong Du and Chang Huang and Philip H. S. Torr},
    title  = {Conditional Random Fields as Recurrent Neural Networks},
    booktitle = {International Conference on Computer Vision (ICCV)},
    year   = {2015}
}

@article{gaidon2016virtual,
  title={Virtual worlds as proxy for multi-object tracking analysis},
  author={Gaidon, Adrien and Wang, Qiao and Cabon, Yohann and Vig, Eleonora},
  journal={arXiv preprint arXiv:1605.06457},
  year={2016}
}

@article{hirschmuller2008stereo,
  title={Stereo processing by semiglobal matching and mutual information},
  author={Hirschmuller, Heiko},
  journal={IEEE Transactions on pattern analysis and machine intelligence},
  volume={30},
  number={2},
  pages={328--341},
  year={2008},
  doi={10.1109/TPAMI.2007.1166},
  publisher={IEEE}
}
@inproceedings{d2011semiglobal,
  title={Semiglobal matching results on the ISPRS stereo matching benchmark},
  author={dâ€™Angelo, Pablo and Reinartz, Peter},
  booktitle={ISPRS Hannover Workshop 2011: High-Resolution Earth Imaging for Geospatial Information},
  month = {May},
  year={2011}
}

@Article{zhuo2017automatic,
AUTHOR = {Zhuo, Xiangyu and Koch, Tobias and Kurz, Franz and Fraundorfer, Friedrich and Reinartz, Peter},
TITLE = {Automatic UAV Image Geo-Registration by Matching UAV Images to Georeferenced Image Data},
JOURNAL = {Remote Sensing},
VOLUME = {9},
YEAR = {2017},
NUMBER = {4},
pages = {376},
URL = {http://www.mdpi.com/2072-4292/9/4/376},
ISSN = {2072-4292}
}

@article{kurz2014performance,
  author={Kurz, Franz and Rosenbaum, Dominik and Meynberg, Oliver and Mattyus, Gellert and Reinartz, Peter},
TITLE = {Performance of a real-time sensor and processing system on a helicopter},
JOURNAL = {ISPRS - International Archives of the Photogrammetry, Remote Sensing and Spatial Information Sciences},
VOLUME = {XL-1},
YEAR = {2014},
PAGES = {189--193},
note = {\href{http://www.int-arch-photogramm-remote-sens-spatial-inf-sci.net/XL-1/189/2014/}{CrossRef}},
DOI = {10.5194/isprsarchives-XL-1-189-2014}
}

@INPROCEEDINGS{badrinarayanan2010label, 
author={V. Badrinarayanan and F. Galasso and R. Cipolla}, 
booktitle={2010 IEEE Computer Society Conference on Computer Vision and Pattern Recognition}, 
title={Label propagation in video sequences}, 
year={2010}, 
volume={}, 
number={}, 
pages={3265-3272}, 
doi={10.1109/CVPR.2010.5540054}, 
ISSN={1063-6919}, 
month={June},}

@Article{chuang2002video,
 author = {Chuang, Yung-Yu and Agarwala, Aseem and Curless, Brian and Salesin, David H. and Szeliski, Richard},
 title = {Video Matting of Complex Scenes},
 journal = {ACM Trans. Graph.},
 issue_date = {July 2002},
 volume = {21},
 number = {3},
 month = jul,
 year = {2002},
 issn = {0730-0301},
 pages = {243--248},
 numpages = {6},
 url = {http://doi.acm.org/10.1145/566654.566572},
 doi = {10.1145/566654.566572},
 acmid = {566572},
 publisher = {ACM}
} 

@INPROCEEDINGS{arbelaez2009regions, 
author={P. Arbelaez and M. Maire and C. Fowlkes and J. Malik}, 
booktitle={2009 IEEE Conference on Computer Vision and Pattern Recognition}, 
title={From contours to regions: An empirical evaluation}, 
year={2009}, 
volume={}, 
number={}, 
pages={2294-2301},
doi={10.1109/CVPR.2009.5206707}, 
ISSN={1063-6919}, 
month={June},}


@Article{Bai2009snapcut,
 author = {Bai, Xue and Wang, Jue and Simons, David and Sapiro, Guillermo},
 title = {Video SnapCut: Robust Video Object Cutout Using Localized Classifiers},
 journal = {ACM Trans. Graph.},
 issue_date = {August 2009},
 volume = {28},
 number = {3},
 month = jul,
 year = {2009},
 issn = {0730-0301},
 pages = {70:1--70:11},
 articleno = {70},
 numpages = {11},
 url = {http://doi.acm.org/10.1145/1531326.1531376},
 doi = {10.1145/1531326.1531376},
 acmid = {1531376},
 publisher = {ACM},
 address = {New York, NY, USA},
}

@ARTICLE{badrinarayanan2013semi, 
author={V. Badrinarayanan and I. Budvytis and R. Cipolla}, 
journal={IEEE Transactions on Pattern Analysis and Machine Intelligence}, 
title={Semi-Supervised Video Segmentation Using Tree Structured Graphical Models}, 
year={2013}, 
volume={35}, 
number={11}, 
pages={2751-2764}, 
doi={10.1109/TPAMI.2013.54}, 
ISSN={0162-8828}, 
month={Nov},}

@Article{Breiman2001random,
author="Breiman, Leo",
title="Random Forests",
journal="Machine Learning",
year="2001",
month="Oct",
day="01",
volume="45",
number="1",
pages="5--32",
issn="1573-0565",
doi="10.1023/A:1010933404324",
url="https://doi.org/10.1023/A:1010933404324"
}

@Article{Tsai2012motion,
author="Tsai, David
and Flagg, Matthew
and Nakazawa, Atsushi
and Rehg, James M.",
title="Motion Coherent Tracking Using Multi-label MRF Optimization",
journal="International Journal of Computer Vision",
year="2012",
month="Nov",
day="01",
volume="100",
number="2",
pages="190--202",
issn="1573-1405",
doi="10.1007/s11263-011-0512-5",
url="https://doi.org/10.1007/s11263-011-0512-5"
}

@INPROCEEDINGS{wang2009active, 
author={Chaohui Wang and M. de La Gorce and N. Paragios}, 
booktitle={2009 IEEE 12th International Conference on Computer Vision}, 
title={Segmentation, ordering and multi-object tracking using graphical models}, 
year={2009}, 
volume={}, 
number={}, 
pages={747-754}, 
keywords={Active contours;Background noise;Chaos;Computer vision;Graphical models;Image segmentation;Layout;Pixel;Shape;Video sequences}, 
doi={10.1109/ICCV.2009.5459247}, 
ISSN={1550-5499}, 
month={Sept},}

@inproceedings{chen2014beat,
  title={Beat the mturkers: Automatic image labeling from weak 3d supervision},
  author={Chen, Liang-Chieh and Fidler, Sanja and Yuille, Alan L and Urtasun, Raquel},
  booktitle={Proceedings of the IEEE Conference on Computer Vision and Pattern Recognition},
  pages={3198--3205},
  year={2014}
}

@INPROCEEDINGS{namin2015multimodal, 
author={S. T. Namin and M. Najafi and M. Salzmann and L. Petersson}, 
booktitle={2015 IEEE Winter Conference on Applications of Computer Vision}, 
title={A Multi-modal Graphical Model for Scene Analysis}, 
year={2015}, 
volume={}, 
number={}, 
pages={1006-1013}, 
doi={10.1109/WACV.2015.139}, 
ISSN={1550-5790}, 
month={Jan},}

@inproceedings{Krahenbuhl2013parameter,
 author = {Kr\"{a}henb\"{u}hl, Philipp and Koltun, Vladlen},
 title = {Parameter Learning and Convergent Inference for Dense Random Fields},
 booktitle = {Proceedings of the 30th International Conference on International Conference on Machine Learning - Volume 28},
 series = {ICML'13},
 year = {2013},
 location = {Atlanta, GA, USA},
 pages = {III-513--III-521},
 url = {http://dl.acm.org/citation.cfm?id=3042817.3042994},
 acmid = {3042994},
 publisher = {JMLR.org},
} 

@INPROCEEDINGS{choi2013fpga, 
author={J. Choi and R. A. Rutenbar}, 
booktitle={2013 Eleventh ACM/IEEE International Conference on Formal Methods and Models for Codesign (MEMOCODE 2013)}, 
title={FPGA acceleration of Markov Random Field TRW-S inference for stereo matching}, 
year={2013}, 
volume={}, 
number={}, 
pages={139-142},  
doi={}, 
ISSN={}, 
month={Oct},}

@Article{Ren2008,
author="Ren, Xiaofeng
and Fowlkes, Charless C.
and Malik, Jitendra",
title="Learning Probabilistic Models for Contour Completion in Natural Images",
journal="International Journal of Computer Vision",
year="2008",
month="May",
day="01",
volume="77",
number="1",
pages="47--63",
issn="1573-1405",
doi="10.1007/s11263-007-0092-6",
url="https://doi.org/10.1007/s11263-007-0092-6"
}

@article{mustikovela2016can,
  author    = {Siva Karthik Mustikovela and
               Michael Ying Yang and
               Carsten Rother},
  title     = {Can Ground Truth Label Propagation from Video help Semantic Segmentation?},
  journal   = {CoRR},
  volume    = {abs/1610.00731},
  year      = {2016},
  url       = {http://arxiv.org/abs/1610.00731},
  archivePrefix = {arXiv},
  eprint    = {1610.00731},
  timestamp = {Wed, 07 Jun 2017 14:41:52 +0200},
  biburl    = {https://dblp.org/rec/bib/journals/corr/MustikovelaYR16},
  bibsource = {dblp computer science bibliography, https://dblp.org}
}

@article{Mongus2012tophat,
title = "Parameter-free ground filtering of LiDAR data for automatic DTM generation",
journal = "ISPRS Journal of Photogrammetry and Remote Sensing",
volume = "67",
pages = "1 - 12",
year = "2012",
issn = "0924-2716",
doi = "https://doi.org/10.1016/j.isprsjprs.2011.10.002",
url = "http://www.sciencedirect.com/science/article/pii/S0924271611001122",
author = "Domen Mongus and Borut Å½alik",
keywords = "LiDAR, Digital terrain model, Classification"
}


@inproceedings{Cramer2010TheDO,
  title={The DGPF-Test on Digital Airborne Camera Evaluation â€“ Over- view and Test Design},
  author={Michael Joseph Cramer},
  year={2010}
}

@book{gelman2013bayesian,
  title={Bayesian data analysis},
  author={Gelman, Andrew and Carlin, John B and Stern, Hal S and Dunson, David B and Vehtari, Aki and Rubin, Donald B},
  year={2013},
  publisher={CRC press}
}

@article{shotton2009textonboost,
  title={Textonboost for image understanding: Multi-class object recognition and segmentation by jointly modeling texture, layout, and context},
  author={Shotton, Jamie and Winn, John and Rother, Carsten and Criminisi, Antonio},
  journal={International Journal of Computer Vision},
  volume={81},
  number={1},
  pages={2--23},
  year={2009},
  publisher={Springer}
}
@INPROCEEDINGS{fulkerson2009Class, 
author={B. Fulkerson and A. Vedaldi and S. Soatto}, 
booktitle={2009 IEEE 12th International Conference on Computer Vision}, 
title={Class segmentation and object localization with superpixel neighborhoods}, 
year={2009}, 
volume={}, 
number={}, 
pages={670-677}, 
keywords={Computer science;Detectors;Grid computing;Histograms;Image segmentation;Merging;Object detection;Pixel;Statistics;Time measurement}, 
doi={10.1109/ICCV.2009.5459175}, 
ISSN={1550-5499}, 
month={Sept},}

@INPROCEEDINGS{Kohli2008robust, 
author={P. Kohli and L. Ladicky and P. H. S. Torr}, 
booktitle={2008 IEEE Conference on Computer Vision and Pattern Recognition}, 
title={Robust higher order potentials for enforcing label consistency}, 
year={2008}, 
volume={}, 
number={}, 
pages={1-8}, 
ISSN={1063-6919}, 
month={June},}

@INPROCEEDINGS{Ladicky2009hierarchical, 
author={L. LadickÃ½ and C. Russell and P. Kohli and P. H. S. Torr}, 
booktitle={2009 IEEE 12th International Conference on Computer Vision}, 
title={Associative hierarchical CRFs for object class image segmentation}, 
year={2009}, 
volume={}, 
number={}, 
pages={739-746}, 
doi={10.1109/ICCV.2009.5459248}, 
ISSN={1550-5499}, 
month={Sept},}