@article{blyenburgh2013yearbook,
title = "Remotely Piloted Aircraft Systems: The Global Perspective 2013/2014",
journal = "Technical Report. UVS International. Paris, France",
year = "2013",
author = "P. van Blyenburgh"
}


@article{colomina2014review,
title = "Unmanned aerial systems for photogrammetry and remote sensing: A review",
journal = "ISPRS Journal of Photogrammetry and Remote Sensing",
volume = "92",
pages = "79 - 97",
year = "2014",
issn = "0924-2716",
doi = "https://doi.org/10.1016/j.isprsjprs.2014.02.013",
url = "http://www.sciencedirect.com/science/article/pii/S0924271614000501",
author = "I. Colomina and P. Molina",
keywords = "UAV, Review, Photogrammetry, Remote sensing"
}

@article{eceraerts2019newplatform,
author = {Everaerts, Jurgen},
year = {2009},
month = {12},
pages = {102},
title = "NEWPLATFORMS - Unconventional Platforms (Unmanned Aircraft Systems) for Remote Sensing",
journal = "EuroSDR Workshop 2009"
}

@inproceedings{everaerts2008unmanned,
  title={Unmanned aerial vehicles for photogrammetry and remote sensing},
  author={Everaerts, Jurgen},
  booktitle={Advances in Photogrammtery, Remote Sensing and Spatial Information sciences: 2008 ISPRS Congress Book. Eds. Li, Chen y Baltsavias},
  pages={117--126},
  year={2008}
}

@article{blyenburgh2013yearbook,
title = "Remotely Piloted Aircraft Systems: The Global Perspective 2013/2014",
journal = "Technical Report. UVS International. Paris, France",
year = "2013",
author = "P. van Blyenburgh"
}

@article{colomina2014review,
title = "Unmanned aerial systems for photogrammetry and remote sensing: A review",
journal = "ISPRS Journal of Photogrammetry and Remote Sensing",
volume = "92",
pages = "79 - 97",
year = "2014",
issn = "0924-2716",
doi = "https://doi.org/10.1016/j.isprsjprs.2014.02.013",
url = "http://www.sciencedirect.com/science/article/pii/S0924271614000501",
author = "I. Colomina and P. Molina",
keywords = "UAV, Review, Photogrammetry, Remote sensing"
}

@article{eceraerts2009newplatform,
author = {Everaerts, Jurgen},
year = {2009},
month = {12},
pages = {102},
title = {NEWPLATFORMS - Unconventional Platforms (Unmanned Aircraft Systems) for Remote Sensing},
journal = {EuroSDR Workshop 2009}
}

@inproceedings{everaerts2008unmanned,
  title={Unmanned aerial vehicles for photogrammetry and remote sensing},
  author={Everaerts, Jurgen},
  booktitle={Advances in Photogrammtery, Remote Sensing and Spatial Information sciences: 2008 ISPRS Congress Book. Eds. Li, Chen y Baltsavias},
  pages={117--126},
  year={2008}
}











@article{ultranav,
 title={\texttt{Vexcel UltraNav}, \textsc{url}: \url{http://www.vexcel-imaging.com/wp-content/uploads/2016/09/Brochure_UltraNav.pdf} (accessed: 2017-02-10)}
}

@article{ultracam,
  title={\texttt{Vexcel UltraCam},  \textsc{url}: \url{http://www.vexcel-imaging.com/} (accessed: 2017-02-10)}
}

@article{xu2016mosaicking,
  title={Mosaicking of Unmanned Aerial Vehicle Imagery in the Absence of Camera Poses},
  author={Xu, Yuhua and Ou, Jianliang and He, Hu and Zhang, Xiaohu and Mills, Jon},
  journal={Remote Sensing},
  volume={8},
  number={3},
  pages={204},
  year={2016},
  publisher={Multidisciplinary Digital Publishing Institute}
}


@inproceedings{alcantarilla2012kaze,
  title={KAZE features},
  author={Alcantarilla, Pablo Fern{\'a}ndez and Bartoli, Adrien and Davison, Andrew J},
  booktitle={European Conference on Computer Vision},
  pages={214--227},
  year={2012},
  organization={Springer}
}


@inproceedings{dwarakanath2012evaluating,
  title={Evaluating performance of feature extraction methods for practical 3D imaging systems},
  author={Dwarakanath, Deepak and Eichhorn, Alexander and Halvorsen, P{\aa}l and Griwodz, Carsten},
  booktitle={Proceedings of the 27th Conference on Image and Vision Computing New Zealand},
  pages={250--255},
  year={2012},
  organization={ACM}
}


@inproceedings{bekele2013evaluation,
  title={Evaluation of binary keypoint descriptors},
  author={Bekele, Dagmawi and Teutsch, Michael and Schuchert, Tobias},
  booktitle={Image Processing (ICIP), 2013 20th IEEE International Conference on},
  pages={3652--3656},
  year={2013},
  organization={IEEE}
}


@incollection{heinly2012comparative,
  title={Comparative evaluation of binary features},
  author={Heinly, Jared and Dunn, Enrique and Frahm, Jan-Michael},
  booktitle={Computer Vision--ECCV 2012},
  pages={759--773},
  year={2012},
  publisher={Springer}
}


@inproceedings{calonder2010brief,
  title={Brief: Binary robust independent elementary features},
  author={Calonder, Michael and Lepetit, Vincent and Strecha, Christoph and Fua, Pascal},
  booktitle={European conference on computer vision},
  pages={778--792},
  year={2010},
  organization={Springer}
}




@inproceedings{rizaldy2012direct,
  title={Direct Georeferencing: A New Standard in Photogrammetry for High Accuracy Mapping},
  author={Rizaldy, Aldino and Firdaus, Wildan},
  booktitle={Proceedings of International Archives of the Photogrammetry, Remote Sensing and Spatial Information Sciences, XXII ISPRS Congress},
  pages={5--9},
  year={2012},
  organization={ISPRS Hanover}
}


@article{kurz2012low,
  title={Low-cost optical camera system for disaster monitoring},
  author={Kurz, Franz and Meynberg, Oliver and Rosenbaum, Dominik and T{\"u}rmer, Sebastian and Reinartz, Peter and Schroeder, Manfred},
  journal={Int. Archives of the Photogrammetry, Remote Sens. and Spatial Information Sci},
  volume={39},
  pages={B8},
  year={2012}
}


@article{calonder2012brief,
  title={BRIEF: Computing a local binary descriptor very fast},
  author={Calonder, Michael and Lepetit, Vincent and Ozuysal, Mustafa and Trzcinski, Tomasz and Strecha, Christoph and Fua, Pascal},
  journal={IEEE Transactions on Pattern Analysis and Machine Intelligence},
  volume={34},
  number={7},
  pages={1281--1298},
  year={2012},
  publisher={IEEE}
}


@article{juan2009comparison,
  title={A comparison of sift, pca-sift and surf},
  author={Juan, Luo and Gwun, Oubong},
  journal={International Journal of Image Processing (IJIP)},
  volume={3},
  number={4},
  pages={143--152},
  year={2009}
}


@inproceedings{miksik2012evaluation,
  title={Evaluation of local detectors and descriptors for fast feature matching},
  author={Miksik, Ondrej and Mikolajczyk, Krystian},
  booktitle={Pattern Recognition (ICPR), 2012 21st International Conference on},
  pages={2681--2684},
  year={2012},
  organization={IEEE}
}


@article{rosten2010faster,
  title={Faster and better: A machine learning approach to corner detection},
  author={Rosten, Edward and Porter, Reid and Drummond, Tom},
  journal={IEEE transactions on pattern analysis and machine intelligence},
  volume={32},
  number={1},
  pages={105--119},
  year={2010},
  publisher={IEEE}
}


@inproceedings{rublee2011orb,
  title={ORB: An efficient alternative to SIFT or SURF},
  author={Rublee, Ethan and Rabaud, Vincent and Konolige, Kurt and Bradski, Gary},
  booktitle={Computer Vision (ICCV), 2011 IEEE International Conference on},
  pages={2564--2571},
  year={2011},
  organization={IEEE}
}


@article{alcantarilla2011fast,
  title={Fast explicit diffusion for accelerated features in nonlinear scale spaces},
  author={Alcantarilla, Pablo F and Solutions, T},
  journal={IEEE Trans. Patt. Anal. Mach. Intell},
  volume={34},
  number={7},
  pages={1281--1298},
  year={2011}
}


@inproceedings{leutenegger2011brisk,
  title={BRISK: Binary robust invariant scalable keypoints},
  author={Leutenegger, Stefan and Chli, Margarita and Siegwart, Roland Y},
  booktitle={Computer Vision (ICCV), 2011 IEEE International Conference on},
  pages={2548--2555},
  year={2011},
  organization={IEEE}
}


@article{bay2008speeded,
  title={Speeded-up robust features (SURF)},
  author={Bay, Herbert and Ess, Andreas and Tuytelaars, Tinne and Van Gool, Luc},
  journal={Computer vision and image understanding},
  volume={110},
  number={3},
  pages={346--359},
  year={2008},
  publisher={Elsevier}
}


@article{colomina2014unmanned,
  title={Unmanned aerial systems for photogrammetry and remote sensing: A review},
  author={Colomina, Ismael and Molina, Pere},
  journal={ISPRS J. Photogramm. Remote Sens.},
  volume={92},
  pages={79--97},
  year={2014},
  publisher={Elsevier},
  note = {\href{http://dx.doi.org/10.1016/j.isprsjprs.2014.02.013}{CrossRef}}, 
}

@article{chiabrando2013direct,
   author = {{Chiabrando}, F. and {Lingua}, A. and {Piras}, M.},
    title = "{Direct photogrammetry using UAV: Tests and first results}",
  journal = {Int. Arch. Photogramm. Remote Sens. Spat. Inf. Sci},
     year = 2013,
    month = aug,
   number = 2,
    pages = {81-86},
      doi = {10.5194/isprsarchives-XL-1-W2-81-2013},   
  note = {\href{http://dx.doi.org/10.5194/isprsarchives-XL-1-W2-81-2013}{CrossRef}}
}

@phdthesis{eisenbeiss2009uav,
  author       = {Eisenbei{\ss}, Henri}, 
  title        = {UAV photogrammetry},
  school       = {Institute of Geodesy and Photogrammetry, ETH Zurich},
  year         = 2009,
  address      = {Zurich, Switzerland}
}

@article{nex2014uav,
  title={UAV for 3D mapping applications: a review},
  author={Nex, Francesco and Remondino, Fabio},
  journal={Applied Geomatics},
  volume={6},
  number={1},
  pages={1--15},
  year={2014},
  publisher={Springer},
  note = {\href{http://dx.doi.org/10.1007/s12518-013-0120-x
}{CrossRef}}  
}

@inproceedings{verhoeven2013positioning,
  title={Positioning in time and space: Cost-effective exterior orientation for airborne archaeological photographs},
  author={Verhoeven, Geert and Wieser, Martin and Briese, Christian and Doneus, Michael},
  booktitle={XXIV International CIPA Symposium},
  volume={2},
  pages={313--318},
  year={2013},
  organization={ISPRS}
}

@article{gerke2016accuracy,
  title={Accuracy analysis of photogrammetric UAV image blocks: Influence of onboard RTK-GNSS and cross flight patterns},
  author={Gerke, Markus and Przybilla, Heinz-J{\"u}rgen},
  journal={Photogrammetrie-Fernerkundung-Geoinformation},
  volume={2016},
  number={1},
  pages={17--30},
  year={2016},
  publisher={E. Schweizerbart'sche Verlagsbuchhandlung},
  note ={\href{http://dx.doi.org/10.1127/pfg/2016/0284}{CrossRef}}   
}

@inproceedings{kaminsky2009alignment,
  title={Alignment of 3D point clouds to overhead images},
  author={Kaminsky, Ryan S and Snavely, Noah and Seitz, Steven M and Szeliski, Richard},
  booktitle={2009 IEEE Computer Society Conference on Computer Vision and Pattern Recognition Workshops},
  pages={63--70},
  year={2009},
  organization={IEEE}  
}

@inproceedings{lin2015learning,
  title={Learning deep representations for ground-to-aerial geolocalization},
  author={Lin, Tsung-Yi and Cui, Yin and Belongie, Serge and Hays, James},
  booktitle={2015 IEEE Conference on Computer Vision and Pattern Recognition (CVPR)},
  pages={5007--5015},
  year={2015},
  organization={IEEE}
}

@inproceedings{fan2010registration,
  title={The registration of UAV down-looking aerial images to satellite images with image entropy and edges},
  author={Fan, Baojie and Du, Yingkui and Zhu, Linlin and Tang, Yandong},
  booktitle={International Conference on Intelligent Robotics and Applications},
  pages={609--617},
  year={2010},
  organization={Springer}
}

@article{conte2009vision,
  title={Vision-based unmanned aerial vehicle navigation using geo-referenced information},
  author={Conte, Gianpaolo and Doherty, Patrick},
  journal={EURASIP J. Adv. Signal Process},
  volume={2009},
  number={1},
  pages={10:1--10:18},
  year={2009},
  publisher={Hindawi Publishing Corp.},
  doi = {10.1155/2009/387308},
  note ={\href{http://dx.doi.org/10.1155/2009/387308}{CrossRef}}
}

@inproceedings{shan2014accurate,
  title={Accurate geo-registration by ground-to-aerial image matching},
  author={Shan, Qi and Wu, Changchang and Curless, Brian and Furukawa, Yasutaka and Hernandez, Carlos and Seitz, Steven M},
  booktitle={2014 2nd International Conference on 3D Vision},
  volume={1},
  pages={525--532},
  year={2014},  
  publisher = "Institute of Electrical and Electronics Engineers Inc.",
  organization={IEEE}
}

@article {majdik2015air,
author = {Majdik, András L. and Verda, Damiano and Albers-Schoenberg, Yves and Scaramuzza, Davide},
title = {Air-ground matching: Appearance-based GPS-denied urban localization of micro aerial vehicles},
journal = {Journal of Field Robotics},
volume = {32},
number = {7},
issn = {1556-4967},
doi = {10.1002/rob.21585},
pages = {1015--1039},
year = {2015},
note ={\href{http://dx.doi.org/10.1002/rob.21585}{CrossRef}}
}

@article{aicardi2016image,
  title={An image-Based approach for the co-Registration of multi-Temporal UAV image datasets},
  author={Aicardi, Irene and Nex, Francesco and Gerke, Markus and Lingua, Andrea Maria},
  journal={Remote Sensing},
  volume={8},
  number={9},
  pages={779},
  year={2016},
  DOI = {10.3390/rs8090779},
  note ={\href{http://dx.doi.org/10.3390/rs8090779}{CrossRef}}
}

@article{chen2013invariant, 
author = {Min Chen and Zhenfeng Shao and Dongyang Li and Jun Liu}, 
journal = {Appl. Opt.}, 
keywords = {Digital image processing; Machine vision},
number = {1}, 
pages = {96--104}, 
publisher = {OSA},
title = {Invariant matching method for different viewpoint angle images}, 
volume = {52}, 
month = {Jan},
year = {2013},
note ={\href{https://doi.org/10.1364/AO.52.000096}{CrossRef}},
doi = {10.1364/AO.52.000096}
}

@article{zitova2003image,
title = "Image registration methods: a survey ",
journal = "Image and Vision Computing ",
volume = "21",
number = "11",
pages = "977 - 1000",
year = "2003",
doi = "http://dx.doi.org/10.1016/S0262-8856(03)00137-9",
note ={\href{http://dx.doi.org/10.1016/S0262-8856(03)00137-9}{CrossRef}},
author = "Barbara ZitovÃ¡ and Jan Flusser"
}

@article{lowe2004distinctive,
 author = {Lowe, David G.},
 title = {Distinctive image features from scale-invariant keypoints},
 journal = {Int. J. Comput. Vision},
 volume = {60},
 year = {2004},
 pages = {91--110},
 numpages = {20},
 doi = {10.1023/B:VISI.0000029664.99615.94}
} 

@article{yu2011asift,
    title   = {{ASIFT: An algorithm for fully affine invariant comparison}},
    author  = {Yu, Guoshen and Morel, Jean-Michel},
    journal = {{Image Processing On Line}},
    volume  = {1},
    year    = {2011},
    doi     = {10.5201/ipol.2011.my-asift},
    note ={\href{https://doi.org/10.5201/ipol.2011.my-asift}{CrossRef}}
}

@article{morel2009asift,
 author = {Morel, Jean-Michel and Yu, Guoshen},
 title = {ASIFT: A new framework for fully affine invariant image comparison},
 journal = {SIAM J. Img. Sci.},
 issue_date = {April 2009},
 volume = {2},
 number = {2},
 note ={\href{http://dx.doi.org/10.1137/080732730}{CrossRef}},
 year = {2009},
 pages = {438--469},
 numpages = {32}, 
 doi = {10.1137/080732730}
} 

@article{apollonio2014evaluation,
  title={Evaluation of feature-based methods for automated network orientation},
  author={Apollonio, FI and Ballabeni, A and Gaiani, M and Remondino, F},
  journal={ISPRS - International Archives of the Photogrammetry, Remote Sensing and Spatial Information Sciences},
  volume={40},
  number={5},
  pages={47--54},
  year={2014},
  note ={\href{http://www.int-arch-photogramm-remote-sens-spatial-inf-sci.net/XL-5/47/2014/isprsarchives-XL-5-47-2014.pdf}{CrossRef}}
}

@techreport{sur2011image,
  TITLE = {{Image point correspondences and repeated patterns}},
  AUTHOR = {Sur, Fr{\'e}d{\'e}ric and Noury, Nicolas and Berger, Marie-Odile},
  TYPE = {Research Report},
  NUMBER = {RR-7693},
  INSTITUTION = {{INRIA}},
  YEAR = {2011},
  MONTH = Jul,
  note ={\href{https://hal.inria.fr/inria-00609998}{CrossRef}}
}

@Article{koch2016new,
AUTHOR = {Koch, T. and Zhuo, X. and Reinartz, P. and Fraundorfer, F.},
TITLE = {A new paradigm for matching UAV-and aerial images},
JOURNAL = {ISPRS Annals of Photogrammetry, Remote Sensing and Spatial Information Sciences},
VOLUME = {III-3},
YEAR = {2016},
PAGES = {83--90},
note ={\href{https://hal.inria.fr/inria-00609998http://www.isprs-ann-photogramm-remote-sens-spatial-inf-sci.net/III-3/83/2016/}{CrossRef}},
DOI = {10.5194/isprs-annals-III-3-83-2016}
}

@inproceedings{zhuo2016fusion,
  title={Fusion and classification of aerial images from MAVS and airplanes for local information enrichment},
  author={Zhuo, X and Cui, S and Kurz, F and Reinartz, P},
  booktitle={Geoscience and Remote Sensing Symposium (IGARSS), 2016 IEEE International},
  pages={3567--3570},
  year={2016},
  organization={IEEE}
}

@article{mikolajczyk2005performance,
  title={A performance evaluation of local descriptors},
  author={Mikolajczyk, Krystian and Schmid, Cordelia},
  journal={Pattern Analysis and Machine Intelligence, IEEE Transactions on},
  volume={27},
  number={10},
  pages={1615--1630},
  year={2005},
  doi={10.1109/TPAMI.2005.188},
  publisher={IEEE}
}

@Inbook{mok2011serp,
author="Mok, Seung Jun
and Jung, Kyungboo
and Ko, Dong Wook
and Lee, Sang Hwa
and Choi, Byung-Uk",
editor="Bebis, George
and Boyle, Richard",
title="SERP: SURF enhancer for repeated pattern",
bookTitle="Advances in Visual Computing: 7th International Symposium, ISVC 2011, Las Vegas, NV, USA, September 26-28, 2011. Proceedings, Part II",
year="2011",
publisher="Springer Berlin Heidelberg",
pages="578--587",
}

@article{achanta2012slic,
  title={SLIC superpixels compared to state-of-the-art superpixel methods},
  author={Achanta, Radhakrishna and Shaji, Appu and Smith, Kevin and Lucchi, Aurelien and Fua, Pascal and S{\"u}sstrunk, Sabine},
  journal={IEEE Transactions on Pattern Analysis and Machine Intelligence},
  volume={34},
  number={11},
  pages={2274--2282},
  year={2012},
  doi = {doi.ieeecomputersociety.org/10.1109/TPAMI.2012.120},
  publisher = {IEEE Computer Society},
  doi={10.1109/TPAMI.2012.120}
}

@article{hirschmuller2008stereo,
  title={Stereo processing by semiglobal matching and mutual information},
  author={Hirschmuller, Heiko},
  journal={IEEE Transactions on pattern analysis and machine intelligence},
  volume={30},
  number={2},
  pages={328--341},
  year={2008},
  doi={10.1109/TPAMI.2007.1166},
  publisher={IEEE}
}


@InProceedings{Koch_2016_CVPR_Workshops,
author = {Koch, Tobias and d'Angelo, Pablo and Kurz, Franz and Fraundorfer, Friedrich and Reinartz, Peter and Korner, Marco},
title = {The TUM-DLR multimodal earth observation evaluation benchmark},
booktitle = {The IEEE Conference on Computer Vision and Pattern Recognition (CVPR) Workshops},
month = {June},
year = {2016}
}

@article{kurz2014performance,
  author={Kurz, Franz and Rosenbaum, Dominik and Meynberg, Oliver and Mattyus, Gellert and Reinartz, Peter},
TITLE = {Performance of a real-time sensor and processing system on a helicopter},
JOURNAL = {ISPRS - International Archives of the Photogrammetry, Remote Sensing and Spatial Information Sciences},
VOLUME = {XL-1},
YEAR = {2014},
PAGES = {189--193},
note = {\href{http://www.int-arch-photogramm-remote-sens-spatial-inf-sci.net/XL-1/189/2014/}{CrossRef}},
DOI = {10.5194/isprsarchives-XL-1-189-2014}
}



@inproceedings{rothermel2012sure,
  title={SURE: Photogrammetric surface reconstruction from imagery},
  author={Rothermel, Mathias and Wenzel, Konrad and Fritsch, Dieter and Haala, Norbert},
  booktitle={Proceedings LC3D Workshop, Berlin},
  volume={8},
  year={2012}
}

@article{zamir2014image,
  title={Image geo-localization based on multiplenearest neighbor feature matching usinggeneralized graphs},
  author={Zamir, Amir Roshan and Shah, Mubarak},
  journal={IEEE transactions on pattern analysis and machine intelligence},
  volume={36},
  number={8},
  pages={1546--1558},
  year={2014},
  publisher={IEEE}
}

@article{Rabus2003241,
title = "The shuttle radar topography mission-a new class of digital elevation models acquired by spaceborne radar ",
journal = "\{ISPRS\} Journal of Photogrammetry and Remote Sensing ",
volume = "57",
number = "4",
pages = "241 - 262",
year = "2003",
note = "",
issn = "0924-2716",
doi = "http://dx.doi.org/10.1016/S0924-2716(02)00124-7",
url = "http://www.sciencedirect.com/science/article/pii/S0924271602001247",
author = "Bernhard Rabus and Michael Eineder and Achim Roth and Richard Bamler",
keywords = "Shuttle Radar Topography Mission (SRTM)",
keywords = "synthetic aperture radar",
keywords = "interferometry",
keywords = "digital elevation models "
}



@Article{ jacobsen2010,
author = "Jacobsen, Karsten and Cramer, Michael and Ladst{\"a}dter, Richard and Ressl, Camillo and Spreckels, Volker",
journal = "PFG Photogrammetrie, Fernerkundung, Geoinformation",
month = 05,
year = 2010,
title = "DGPF-Project: Evaluation of Digital Photogrammetric Camera Systems Geometric Performance",
number = "2",
volume = "2010",
pages = {83-97},
url = "http://dx.doi.org/10.1127/1432-8364/2010/0042",
doi = "10.1127/1432-8364/2010/0042",
publisher = "Schweizerbart Science Publishers",
address = "Stuttgart, Germany"
}

@article{Zhao2014122,
title = "Direct georeferencing of oblique and vertical imagery in different coordinate systems ",
journal = "\{ISPRS\} Journal of Photogrammetry and Remote Sensing ",
volume = "95",
number = "",
pages = "122 - 133",
year = "2014",
note = "",
issn = "0924-2716",
doi = "http://dx.doi.org/10.1016/j.isprsjprs.2014.06.001",
url = "http://www.sciencedirect.com/science/article/pii/S092427161400149X",
author = "Haitao Zhao and Bing Zhang and Changshan Wu and Zhengli Zuo and Zhengchao Chen and Jiantao Bi",
keywords = "Oblique camera",
keywords = "Oblique imagery",
keywords = "Direct georeferencing",
keywords = "GPS/INS",
keywords = "3D reconstruction",
keywords = "Map projection frame "
}



@article{fan2014quality,
author = {Hongchao Fan and Alexander Zipf and Qing Fu and Pascal Neis},
title = {Quality assessment for building footprints data on OpenStreetMap},
journal = {International Journal of Geographical Information Science},
volume = {28},
number = {4},
pages = {700-719},
year = {2014},
doi = {10.1080/13658816.2013.867495},
URL = { 
        http://dx.doi.org/10.1080/13658816.2013.867495    
}
}


@article{Goetz2012towards,
author = { Marcus   Goetz },
title = {Towards generating highly detailed 3D CityGML models from OpenStreetMap},
journal = {International Journal of Geographical Information Science},
volume = {27},
number = {5},
pages = {845-865},
year  = {2013},
publisher = {Taylor & Francis},
doi = {10.1080/13658816.2012.721552},

URL = { 
        https://doi.org/10.1080/13658816.2012.721552
    
},
eprint = { 
        https://doi.org/10.1080/13658816.2012.721552
    
}

}

@article{mueller2005robust,
author = {M{\"u}ller, Soenke and Wilhelm Zaum, Daniel},
year = {2005},
month = {01},
pages = {},
title = {Robust building detection in aerial images},
volume = {36}
}

@inproceedings{zhou20102,
  title={2.5 d dual contouring: A robust approach to creating building models from aerial lidar point clouds},
  author={Zhou, Qian-Yi and Neumann, Ulrich},
  booktitle={European conference on computer vision},
  pages={115--128},
  year={2010},
  organization={Springer}
}

@Article{lafarge2012creat,
author="Lafarge, Florent
and Mallet, Cl{\'e}ment",
title="Creating Large-Scale City Models from 3D-Point Clouds: A Robust Approach with Hybrid Representation",
journal="International Journal of Computer Vision",
year="2012",
month="Aug",
day="01",
volume="99",
number="1",
pages="69--85",
issn="1573-1405",
doi="10.1007/s11263-012-0517-8",
url="https://doi.org/10.1007/s11263-012-0517-8"
}

@article{zhu2015feature,
  title={Feature line based building detection and reconstruction from oblique airborne imagery},
  author={Zhu, Quansheng and Jiang, Wanshou and Zhang, Jing},
  journal={The International Archives of Photogrammetry, Remote Sensing and Spatial Information Sciences},
  volume={40},
  number={4},
  pages={199},
  year={2015},
  publisher={Copernicus GmbH}
}

@INPROCEEDINGS{Sirmacek2008building, 
author={B. Sirmacek and C. Unsalan}, 
booktitle={2008 23rd International Symposium on Computer and Information Sciences}, 
title={Building detection from aerial images using invariant color features and shadow information}, 
year={2008}, 
volume={}, 
number={}, 
pages={1-5}, 
doi={10.1109/ISCIS.2008.4717854}, 
ISSN={}, 
month={Oct},}

@article{wegner2009fusion,
  title={Fusion of optical and InSAR features for building recognition in urban areas},
  author={Wegner, Jan Dirk and Thiele, Antje and Soergel, Uwe},
  journal={International Archives of the Photogrammetry, Remote Sensing and Spatial Information Sciences},
  volume={38},
  number={Part 3},
  pages={W4},
  year={2009}
}

@article{gevaert2017informal,
title = "Informal settlement classification using point-cloud and image-based features from UAV data",
journal = "ISPRS Journal of Photogrammetry and Remote Sensing",
volume = "125",
pages = "225 - 236",
year = "2017",
issn = "0924-2716",
doi = "https://doi.org/10.1016/j.isprsjprs.2017.01.017",
url = "http://www.sciencedirect.com/science/article/pii/S0924271616301411",
author = "C.M. Gevaert and C. Persello and R. Sliuzas and G. Vosselman",
keywords = "Informal settlements, Image classification, Point cloud, Unmanned Aerial Vehicles (UAV), Feature extraction, Support vector machine"
}

@INPROCEEDINGS{huang2016building, 
author={Z. Huang and G. Cheng and H. Wang and H. Li and L. Shi and C. Pan}, 
booktitle={2016 IEEE International Geoscience and Remote Sensing Symposium (IGARSS)}, 
title={Building extraction from multi-source remote sensing images via deep deconvolution neural networks}, 
year={2016}, 
volume={}, 
number={}, 
pages={1835-1838}, 
month={July}}

@article{DORNAIKA2016130,
title = "Building detection from orthophotos using a machine learning approach: An empirical study on image segmentation and descriptors",
journal = "Expert Systems with Applications",
volume = "58",
pages = "130 - 142",
year = "2016",
issn = "0957-4174",
doi = "https://doi.org/10.1016/j.eswa.2016.03.024",
url = "http://www.sciencedirect.com/science/article/pii/S0957417416301154",
author = "Fadi Dornaika and Abdelmalik Moujahid and Youssef El Merabet and Yassine Ruichek",
keywords = "Automatic building detection and delineation, Orthophotos, Image segmentation, Image descriptors, Supervised learning, Classifier"
}

@Article{dini2013delineation,
AUTHOR = {Dini, G. R. and Jacobsen, K. and Heipke, C.},
TITLE = {DELINEATION OF BUILDING FOOTPRINTS FROM HIGH RESOLUTION SATELLITE STEREO IMAGERY USING IMAGE MATCHING AND A GIS DATABASE},
JOURNAL = {ISPRS - International Archives of the Photogrammetry, Remote Sensing and Spatial Information Sciences},
VOLUME = {XL-1/W1},
YEAR = {2013},
PAGES = {81--85},
URL = {https://www.int-arch-photogramm-remote-sens-spatial-inf-sci.net/XL-1-W1/81/2013/},
DOI = {10.5194/isprsarchives-XL-1-W1-81-2013}
}

@ARTICLE{ok2013exploiting,
   author = {{Ok}, A.~O. and {Senaras}, C. and {Yuksel}, B.},
    title = "{Exploiting Shadow Evidence and Iterative Graph-Cuts for Efficient Detection of Buildings in Complex Environments}",
  journal = {ISPRS - International Archives of the Photogrammetry, Remote Sensing and Spatial Information Sciences},
     year = 2013,
    month = 05,
   number = 1,
    pages = {269-274},
      doi = {10.5194/isprsarchives-XL-1-W1-269-2013},
   adsurl = {http://adsabs.harvard.edu/abs/2013ISPAr.XL1a.269O},
  adsnote = {Provided by the SAO/NASA Astrophysics Data System}
}

@article{bittner2017building,
  title={Building extraction from remote sensing data using fully convolutional networks},
  author={Bittner, Ksenia and Cui, Shiyong and Reinartz, Peter},
  journal={The International Archives of Photogrammetry, Remote Sensing and Spatial Information Sciences},
  volume={42},
  pages={481},
  year={2017},
  publisher={Copernicus GmbH}
}

@article{li2013fusion,
title = "An improved building boundary extraction algorithm based on fusion of optical imagery and LIDAR data",
journal = "Optik - International Journal for Light and Electron Optics",
volume = "124",
number = "22",
pages = "5357 - 5362",
year = "2013",
issn = "0030-4026",
doi = "https://doi.org/10.1016/j.ijleo.2013.03.045",
url = "http://www.sciencedirect.com/science/article/pii/S003040261300346X",
author = "Yong Li and Huayi Wu and Ru An and Hanwei Xu and Qisheng He and Jia Xu",
keywords = "LIDAR, Optical image, Fusion, Boundary extraction, Building, Mathematical morphology"
}



@Article{awrangjeb2014automatic,
AUTHOR = {Awrangjeb, Mohammad and Fraser, Clive S.},
TITLE = {Automatic Segmentation of Raw LIDAR Data for Extraction of Building Roofs},
JOURNAL = {Remote Sensing},
VOLUME = {6},
YEAR = {2014},
NUMBER = {5},
PAGES = {3716--3751},
URL = {http://www.mdpi.com/2072-4292/6/5/3716},
ISSN = {2072-4292},
DOI = {10.3390/rs6053716}
}

@article{dai2017building,
author = {Yucheng Dai and Jianhua Gong and Yi Li and Quanlong Feng},
title = {Building segmentation and outline extraction from UAV image-derived point clouds by a line growing algorithm},
journal = {International Journal of Digital Earth},
volume = {10},
number = {11},
pages = {1077-1097},
year  = {2017},
publisher = {Taylor & Francis},
doi = {10.1080/17538947.2016.1269841},

URL = { 
        https://doi.org/10.1080/17538947.2016.1269841
    
},
eprint = { 
        https://doi.org/10.1080/17538947.2016.1269841
    
}

}

@ARTICLE{yang2013semiautomated, 
author={B. Yang and Z. Wei and Q. Li and J. Li}, 
journal={IEEE Geoscience and Remote Sensing Letters}, 
title={Semiautomated Building Facade Footprint Extraction From Mobile LiDAR Point Clouds}, 
year={2013}, 
volume={10}, 
number={4}, 
pages={766-770}, 
keywords={building management systems;feature extraction;geophysical image processing;image segmentation;optical radar;principal component analysis;Optech LYNX mobile mapping system;PCA;building object identification;contour areas extraction;georeferenced feature imaging;image segmentation;mobile LiDAR point cloud extraction;principal component analysis method;random sample consensus algorithm;semiautomated building facade footprint extraction;Buildings;Data mining;Eigenvalues and eigenfunctions;Feature extraction;Laser radar;Mobile communication;Vegetation;Building facades;footprint extraction;mobile LiDAR}, 
doi={10.1109/LGRS.2012.2222342}, 
ISSN={1545-598X}, 
month={July},}


@inproceedings{Hammoudi2009ExtractingBF,
  title={Extracting Building Footprints from 3d Point Clouds Using Terrestrial Laser Scanning at Street Level},
  author={Karim Hammoudi and Fadi Dornaika},
  year={2009}
}

@article{nex2013building,
author = {Nex, Francesco and Rupnik, Ewelina and Remondino, Fabio},
year = {2013},
month = {11},
title = {Building Footprints Extraction from Oblique Imagery},
volume = {II-3/W3},
booktitle = {ISPRS Annals of Photogrammetry, Remote Sensing and Spatial Information Sciences}
}

@article{Koeva2016using,
author = {M. Koeva and M. Muneza and C. Gevaert and M. Gerke and F. Nex},
title = {Using UAVs for map creation and updating. A case study in Rwanda},
journal = {Survey Review},
volume = {0},
number = {0},
pages = {1-14},
year  = {2016},
publisher = {Taylor & Francis},
doi = {10.1080/00396265.2016.1268756},

URL = { 
        https://doi.org/10.1080/00396265.2016.1268756
    
}
}

@article{xie2012study,
author = {Feifei, Xie and Zongjian, L and Dezhu, G and Hua, L},
year = {2012},
month = {01},
pages = {469-473},
title = {Study on construction of 3D building based on UAV images},
volume = {39}
}

@article{lingua20173d,
author = {LINGUA, Andrea and Noardo, Francesca and Spano, Antonia and Sanna, S and Matrone, F},
year = {2017},
month = {07},
pages = {107-115},
title = {3D MODEL GENERATION USING OBLIQUE IMAGES ACQUIRED BY UAV},
volume = {XLII-4/W2},
booktitle = {ISPRS - International Archives of the Photogrammetry, Remote Sensing and Spatial Information Sciences}
}


@ARTICLE{aicardi2016UAV,
   author = {{Aicardi}, I. and {Chiabrando}, F. and {Grasso}, N. and {Lingua}, A.~M. and 
	{Noardo}, F. and {Span{\`o}}, A.},
    title = "{Uav Photogrammetry with Oblique Images: First Analysis on Data Acquisition and Processing}",
  journal = {ISPRS - International Archives of the Photogrammetry, Remote Sensing and Spatial Information Sciences},
     year = 2016,
    month = 06,
    pages = {835-842},
      doi = {10.5194/isprs-archives-XLI-B1-835-2016}
}

@Article{zhuo2017automatic,
AUTHOR = {Zhuo, Xiangyu and Koch, Tobias and Kurz, Franz and Fraundorfer, Friedrich and Reinartz, Peter},
TITLE = {Automatic UAV Image Geo-Registration by Matching UAV Images to Georeferenced Image Data},
JOURNAL = {Remote Sensing},
VOLUME = {9},
YEAR = {2017},
NUMBER = {4},
pages = {376},
URL = {http://www.mdpi.com/2072-4292/9/4/376},
ISSN = {2072-4292}
}

@article{onyango2017accurate,
  title={ACCURATE ESTIMATION OF ORIENTATION PARAMETERS OF UAV IMAGES THROUGH IMAGE REGISTRATION WITH AERIAL OBLIQUE IMAGERY.},
  author={Onyango, FA and Nex, F and Peter, MS and Jende, P},
  journal={International Archives of the Photogrammetry, Remote Sensing \& Spatial Information Sciences},
  volume={42},
  year={2017}
}

@Article{vacca2017the,
AUTHOR = {Vacca, Giuseppina and Dessi, Andrea and Sacco, Alessandro},
TITLE = {The Use of Nadir and Oblique UAV Images for Building Knowledge},
JOURNAL = {ISPRS International Journal of Geo-Information},
VOLUME = {6},
YEAR = {2017},
NUMBER = {12},
pages = {393},
URL = {http://www.mdpi.com/2220-9964/6/12/393},
ISSN = {2220-9964}
}


@article{muller1998quality,
  title={Quality assurance for 2. 5-D building data of the ATKIS DLM 25/2},
  author={M{\"u}ller, Wilfried and Seyfert, Eckhardt},
  journal={INTERNATIONAL ARCHIVES OF PHOTOGRAMMETRY AND REMOTE SENSING},
  volume={32},
  pages={411--416},
  year={1998},
  publisher={INTERNATIONAL SOCIETY FOR PHOTOGRAMMETRY \& REMOTE}
}



@inproceedings{crfasrnn_ICCV2015,
    author = {Shuai Zheng and Sadeep Jayasumana and Bernardino Romera-Paredes and Vibhav Vineet and
    Zhizhong Su and Dalong Du and Chang Huang and Philip H. S. Torr},
    title  = {Conditional Random Fields as Recurrent Neural Networks},
    booktitle = {International Conference on Computer Vision (ICCV)},
    year   = {2015}
}

@inproceedings{higherordercrf_ECCV2016,
	author = {Anurag Arnab and Sadeep Jayasumana and Shuai Zheng and Philip H. S. Torr},
	title  = {Higher Order Conditional Random Fields in Deep Neural Networks},
	booktitle = {European Conference on Computer Vision (ECCV)},
	year   = {2016}
}

@article{BORGEFORS1986distance,
title = "Distance transformations in digital images",
journal = "Computer Vision, Graphics, and Image Processing",
volume = "34",
number = "3",
pages = "344 - 371",
year = "1986",
issn = "0734-189X",
doi = "https://doi.org/10.1016/S0734-189X(86)80047-0",
url = "http://www.sciencedirect.com/science/article/pii/S0734189X86800470",
author = "Gunilla Borgefors"
}



@article{powell1964efficient,
  title={An efficient method for finding the minimum of a function of several variables without calculating derivatives},
  author={Powell, Michael JD},
  journal={The computer journal},
  volume={7},
  number={2},
  pages={155--162},
  year={1964},
  publisher={Oxford University Press}
}

@misc{press1989numerical,
  title={Numerical recipes},
  author={Press, William H and Flannery, Brian P and Teukolsky, Saul A and Vetterling, William T},
  year={1989},
  publisher={cambridge University Press, cambridge}
}

@book{shih2009image,
  title={Image processing and mathematical morphology: fundamentals and applications},
  author={Shih, Frank Y},
  year={2009},
  publisher={CRC press}
}


@ONLINE{sullens,
      title  = {Oblique mapping of a village},
      author = {senseFly},
      url    = {https://www.sensefly.com/education/datasets/}
}





@article{xiao2015building,
  title={Building footprint extraction based on radiometric and geometric constraints in airborne oblique images},
  author={Xiao, Jing and Gerke, Markus},
  journal={International journal of image and data fusion},
  volume={6},
  number={3},
  pages={270--287},
  year={2015},
  publisher={Taylor \& Francis}
}


@article{atkis2000,
  title={Intelligent Imagery System: A Proposed Approach},
  author={M{\"u}ller, Wilfried and Seyfert, Eckhardt},
  journal={INTERNATIONAL ARCHIVES OF PHOTOGRAMMETRY AND REMOTE SENSING},
  volume={33},
  number={B4/1; PART 4},
  pages={710-717},
  year={2000},
  publisher={INTERNATIONAL SOCIETY FOR PHOTOGRAMMETRY \& REMOTE}
}



@article{jia2014caffe,
  Author = {Jia, Yangqing and Shelhamer, Evan and Donahue, Jeff and Karayev, Sergey and Long, Jonathan and Girshick, Ross and Guadarrama, Sergio and Darrell, Trevor},
  Journal = {arXiv preprint arXiv:1408.5093},
  Title = {Caffe: Convolutional Architecture for Fast Feature Embedding},
  Year = {2014}
}

@INPROCEEDINGS{Vakalopoulou2015, 
author={M. Vakalopoulou and K. Karantzalos and N. Komodakis and N. Paragios}, 
booktitle={2015 IEEE International Geoscience and Remote Sensing Symposium (IGARSS)}, 
title={Building detection in very high resolution multispectral data with deep learning features}, 
year={2015}, 
volume={}, 
number={}, 
pages={1873-1876}, 
keywords={buildings (structures);image classification;image resolution;neural nets;object detection;remote sensing;town and country planning;MRF model;automated building detection framework;automated man-made object detection;building extraction;deep convolutional neural networks;deep learning features;optimal labels;quantitative validation;satellite images;scene building detection;supervised classification procedure;training dataset;urban monitoring engineering applications;urban planning applications;very high resolution multispectral data;very high resolution remote sensing data;Buildings;Feature extraction;Image resolution;Remote sensing;Satellites;Support vector machines;Training;ImageNet;Machine learning;deep convolutional networks;extraction;man made objects}, 
doi={10.1109/IGARSS.2015.7326158}, 
ISSN={2153-6996}, 
month={July},}

@article{crf2012,
  author    = {Philipp Kr{\"{a}}henb{\"{u}}hl and
               Vladlen Koltun},
  title     = {Efficient Inference in Fully Connected CRFs with Gaussian Edge Potentials},
  journal   = {CoRR},
  volume    = {abs/1210.5644},
  year      = {2012},
  url       = {http://arxiv.org/abs/1210.5644},
  archivePrefix = {arXiv},
  eprint    = {1210.5644},
  timestamp = {Wed, 07 Jun 2017 14:40:54 +0200},
  biburl    = {http://dblp.org/rec/bib/journals/corr/abs-1210-5644},
  bibsource = {dblp computer science bibliography, http://dblp.org}
}

@Article{Russakovsky2015,
author="Russakovsky, Olga
and Deng, Jia
and Su, Hao
and Krause, Jonathan
and Satheesh, Sanjeev
and Ma, Sean
and Huang, Zhiheng
and Karpathy, Andrej
and Khosla, Aditya
and Bernstein, Michael
and Berg, Alexander C.
and Fei-Fei, Li",
title="ImageNet Large Scale Visual Recognition Challenge",
journal="International Journal of Computer Vision",
year="2015",
month="Dec",
day="01",
volume="115",
number="3",
pages="211--252",
issn="1573-1405",
doi="10.1007/s11263-015-0816-y",
url="https://doi.org/10.1007/s11263-015-0816-y"
}

@Article{Russell2008,
author="Russell, Bryan C.
and Torralba, Antonio
and Murphy, Kevin P.
and Freeman, William T.",
title="LabelMe: A Database and Web-Based Tool for Image Annotation",
journal="International Journal of Computer Vision",
year="2008",
month="May",
day="01",
volume="77",
number="1",
pages="157--173",
issn="1573-1405",
doi="10.1007/s11263-007-0090-8",
url="https://doi.org/10.1007/s11263-007-0090-8"
}

@InProceedings{Ros2016synthetic,
author = {Ros, German and Sellart, Laura and Materzynska, Joanna and Vazquez, David and Lopez, Antonio M.},
title = {The SYNTHIA Dataset: A Large Collection of Synthetic Images for Semantic Segmentation of Urban Scenes},
booktitle = {The IEEE Conference on Computer Vision and Pattern Recognition (CVPR)},
month = {June},
year = {2016}
}
@inproceedings{Xie2016CVPR,
  title = {Semantic Instance Annotation of Street Scenes by 3D to 2D Label Transfer},
  author = {Xie, Jun and Kiefel, Martin and Sun, Ming-Ting and Geiger, Andreas},
  booktitle = { IEEE Conf. on Computer Vision and Pattern Recognition (CVPR)},
  month = jun,
  year = {2016},
  month_numeric = {6}
}
	
@inproceedings{Budvytis2010label,
   title = {Label propagation in complex video sequences using semi-supervised learning},
   author = {Budvytis, Ignas and Badrinarayanan, Vijay and Cipolla, Roberto},
   year = {2010},
   pages = {27.1--27.12},
   booktitle = {Proceedings of the British Machine Vision Conference},
   publisher = {BMVA Press},
   editors = {Labrosse, Fr\'ed\'eric and Zwiggelaar, Reyer and Liu, Yonghuai and Tiddeman, Bernie},
   isbn = {1-901725-40-5},
   note = {doi:10.5244/C.24.27}
}
@inproceedings{Holzmann2017,
author = {Holzmann, Thomas and Oswald, Martin and Pollefeys, Marc and Fraundorfer, Friedrich and Bischof, Horst},
year = {2017},
month = {09},
pages = {},
title = {Plane-based Surface Regularization for Urban 3D Reconstruction}
}
@article{fischler1981,
author = {A. Fischler, Martin and C. Bolles, Robert},
year = {1981},
month = {06},
pages = {381-395},
title = {Random Sample Consensus: A Paradigm for Model Fitting with Applications To Image Analysis and Automated Cartography},
volume = {24},
booktitle = {Communications of the ACM}
}

@INPROCEEDINGS{multiclass2015, 
author={B. Liu and X. He}, 
booktitle={2015 IEEE Conference on Computer Vision and Pattern Recognition (CVPR)}, 
title={Multiclass semantic video segmentation with object-level active inference}, 
year={2015}, 
volume={}, 
number={}, 
pages={4286-4294}, 
doi={10.1109/CVPR.2015.7299057}, 
ISSN={1063-6919}, 
month={June}}

@INPROCEEDINGS{large2017, 
author={I. Budvytis and P. Sauer and T. Roddick and K. Breen and R. Cipolla}, 
booktitle={2017 IEEE International Conference on Computer Vision Workshops (ICCVW)}, 
title={Large Scale Labelled Video Data Augmentation for Semantic Segmentation in Driving Scenarios}, 
year={2017}, 
volume={}, 
number={}, 
pages={230-237}, 
doi={10.1109/ICCVW.2017.36}, 
ISSN={}, 
month={Oct}}

@INPROCEEDINGS{multiple2009, 
author={J. Xiao and L. Quan}, 
booktitle={2009 IEEE 12th International Conference on Computer Vision}, 
title={Multiple view semantic segmentation for street view images}, 
year={2009}, 
volume={}, 
number={}, 
pages={686-693}, 
doi={10.1109/ICCV.2009.5459249}, 
ISSN={1550-5499}, 
month={Sept},}

@INPROCEEDINGS{fcn, 
author={J. Long and E. Shelhamer and T. Darrell}, 
booktitle={2015 IEEE Conference on Computer Vision and Pattern Recognition (CVPR)}, 
title={Fully convolutional networks for semantic segmentation}, 
year={2015}, 
volume={}, 
number={}, 
pages={3431-3440}, 
doi={10.1109/CVPR.2015.7298965}, 
ISSN={1063-6919}, 
month={June},}





@article{gaidon2016virtual,
  title={Virtual worlds as proxy for multi-object tracking analysis},
  author={Gaidon, Adrien and Wang, Qiao and Cabon, Yohann and Vig, Eleonora},
  journal={arXiv preprint arXiv:1605.06457},
  year={2016}
}


@inproceedings{d2011semiglobal,
  title={Semiglobal matching results on the ISPRS stereo matching benchmark},
  author={d’Angelo, Pablo and Reinartz, Peter},
  booktitle={ISPRS Hannover Workshop 2011: High-Resolution Earth Imaging for Geospatial Information},
  month = {May},
  year={2011}
}



@INPROCEEDINGS{badrinarayanan2010label, 
author={V. Badrinarayanan and F. Galasso and R. Cipolla}, 
booktitle={2010 IEEE Computer Society Conference on Computer Vision and Pattern Recognition}, 
title={Label propagation in video sequences}, 
year={2010}, 
volume={}, 
number={}, 
pages={3265-3272}, 
doi={10.1109/CVPR.2010.5540054}, 
ISSN={1063-6919}, 
month={June},}

@Article{chuang2002video,
 author = {Chuang, Yung-Yu and Agarwala, Aseem and Curless, Brian and Salesin, David H. and Szeliski, Richard},
 title = {Video Matting of Complex Scenes},
 journal = {ACM Trans. Graph.},
 issue_date = {July 2002},
 volume = {21},
 number = {3},
 month = jul,
 year = {2002},
 issn = {0730-0301},
 pages = {243--248},
 numpages = {6},
 url = {http://doi.acm.org/10.1145/566654.566572},
 doi = {10.1145/566654.566572},
 acmid = {566572},
 publisher = {ACM}
} 

@INPROCEEDINGS{arbelaez2009regions, 
author={P. Arbelaez and M. Maire and C. Fowlkes and J. Malik}, 
booktitle={2009 IEEE Conference on Computer Vision and Pattern Recognition}, 
title={From contours to regions: An empirical evaluation}, 
year={2009}, 
volume={}, 
number={}, 
pages={2294-2301},
doi={10.1109/CVPR.2009.5206707}, 
ISSN={1063-6919}, 
month={June},}


@Article{Bai2009snapcut,
 author = {Bai, Xue and Wang, Jue and Simons, David and Sapiro, Guillermo},
 title = {Video SnapCut: Robust Video Object Cutout Using Localized Classifiers},
 journal = {ACM Trans. Graph.},
 issue_date = {August 2009},
 volume = {28},
 number = {3},
 month = jul,
 year = {2009},
 issn = {0730-0301},
 pages = {70:1--70:11},
 articleno = {70},
 numpages = {11},
 url = {http://doi.acm.org/10.1145/1531326.1531376},
 doi = {10.1145/1531326.1531376},
 acmid = {1531376},
 publisher = {ACM},
 address = {New York, NY, USA},
}

@ARTICLE{badrinarayanan2013semi, 
author={V. Badrinarayanan and I. Budvytis and R. Cipolla}, 
journal={IEEE Transactions on Pattern Analysis and Machine Intelligence}, 
title={Semi-Supervised Video Segmentation Using Tree Structured Graphical Models}, 
year={2013}, 
volume={35}, 
number={11}, 
pages={2751-2764}, 
doi={10.1109/TPAMI.2013.54}, 
ISSN={0162-8828}, 
month={Nov},}

@Article{Breiman2001random,
author="Breiman, Leo",
title="Random Forests",
journal="Machine Learning",
year="2001",
month="Oct",
day="01",
volume="45",
number="1",
pages="5--32",
issn="1573-0565",
doi="10.1023/A:1010933404324",
url="https://doi.org/10.1023/A:1010933404324"
}

@Article{Tsai2012motion,
author="Tsai, David
and Flagg, Matthew
and Nakazawa, Atsushi
and Rehg, James M.",
title="Motion Coherent Tracking Using Multi-label MRF Optimization",
journal="International Journal of Computer Vision",
year="2012",
month="Nov",
day="01",
volume="100",
number="2",
pages="190--202",
issn="1573-1405",
doi="10.1007/s11263-011-0512-5",
url="https://doi.org/10.1007/s11263-011-0512-5"
}

@INPROCEEDINGS{wang2009active, 
author={Chaohui Wang and M. de La Gorce and N. Paragios}, 
booktitle={2009 IEEE 12th International Conference on Computer Vision}, 
title={Segmentation, ordering and multi-object tracking using graphical models}, 
year={2009}, 
volume={}, 
number={}, 
pages={747-754}, 
keywords={Active contours;Background noise;Chaos;Computer vision;Graphical models;Image segmentation;Layout;Pixel;Shape;Video sequences}, 
doi={10.1109/ICCV.2009.5459247}, 
ISSN={1550-5499}, 
month={Sept},}

@inproceedings{chen2014beat,
  title={Beat the mturkers: Automatic image labeling from weak 3d supervision},
  author={Chen, Liang-Chieh and Fidler, Sanja and Yuille, Alan L and Urtasun, Raquel},
  booktitle={Proceedings of the IEEE Conference on Computer Vision and Pattern Recognition},
  pages={3198--3205},
  year={2014}
}

@INPROCEEDINGS{namin2015multimodal, 
author={S. T. Namin and M. Najafi and M. Salzmann and L. Petersson}, 
booktitle={2015 IEEE Winter Conference on Applications of Computer Vision}, 
title={A Multi-modal Graphical Model for Scene Analysis}, 
year={2015}, 
volume={}, 
number={}, 
pages={1006-1013}, 
doi={10.1109/WACV.2015.139}, 
ISSN={1550-5790}, 
month={Jan},}

@inproceedings{Krahenbuhl2013parameter,
 author = {Kr\"{a}henb\"{u}hl, Philipp and Koltun, Vladlen},
 title = {Parameter Learning and Convergent Inference for Dense Random Fields},
 booktitle = {Proceedings of the 30th International Conference on International Conference on Machine Learning - Volume 28},
 series = {ICML'13},
 year = {2013},
 location = {Atlanta, GA, USA},
 pages = {III-513--III-521},
 url = {http://dl.acm.org/citation.cfm?id=3042817.3042994},
 acmid = {3042994},
 publisher = {JMLR.org},
} 

@INPROCEEDINGS{choi2013fpga, 
author={J. Choi and R. A. Rutenbar}, 
booktitle={2013 Eleventh ACM/IEEE International Conference on Formal Methods and Models for Codesign (MEMOCODE 2013)}, 
title={FPGA acceleration of Markov Random Field TRW-S inference for stereo matching}, 
year={2013}, 
volume={}, 
number={}, 
pages={139-142},  
doi={}, 
ISSN={}, 
month={Oct},}

@Article{Ren2008,
author="Ren, Xiaofeng
and Fowlkes, Charless C.
and Malik, Jitendra",
title="Learning Probabilistic Models for Contour Completion in Natural Images",
journal="International Journal of Computer Vision",
year="2008",
month="May",
day="01",
volume="77",
number="1",
pages="47--63",
issn="1573-1405",
doi="10.1007/s11263-007-0092-6",
url="https://doi.org/10.1007/s11263-007-0092-6"
}

@article{mustikovela2016can,
  author    = {Siva Karthik Mustikovela and
               Michael Ying Yang and
               Carsten Rother},
  title     = {Can Ground Truth Label Propagation from Video help Semantic Segmentation?},
  journal   = {CoRR},
  volume    = {abs/1610.00731},
  year      = {2016},
  url       = {http://arxiv.org/abs/1610.00731},
  archivePrefix = {arXiv},
  eprint    = {1610.00731},
  timestamp = {Wed, 07 Jun 2017 14:41:52 +0200},
  biburl    = {https://dblp.org/rec/bib/journals/corr/MustikovelaYR16},
  bibsource = {dblp computer science bibliography, https://dblp.org}
}

@article{Mongus2012tophat,
title = "Parameter-free ground filtering of LiDAR data for automatic DTM generation",
journal = "ISPRS Journal of Photogrammetry and Remote Sensing",
volume = "67",
pages = "1 - 12",
year = "2012",
issn = "0924-2716",
doi = "https://doi.org/10.1016/j.isprsjprs.2011.10.002",
url = "http://www.sciencedirect.com/science/article/pii/S0924271611001122",
author = "Domen Mongus and Borut Žalik",
keywords = "LiDAR, Digital terrain model, Classification"
}


@inproceedings{Cramer2010TheDO,
  title={The DGPF-Test on Digital Airborne Camera Evaluation – Over- view and Test Design},
  author={Michael Joseph Cramer},
  year={2010}
}

@book{gelman2013bayesian,
  title={Bayesian data analysis},
  author={Gelman, Andrew and Carlin, John B and Stern, Hal S and Dunson, David B and Vehtari, Aki and Rubin, Donald B},
  year={2013},
  publisher={CRC press}
}

@article{shotton2009textonboost,
  title={Textonboost for image understanding: Multi-class object recognition and segmentation by jointly modeling texture, layout, and context},
  author={Shotton, Jamie and Winn, John and Rother, Carsten and Criminisi, Antonio},
  journal={International Journal of Computer Vision},
  volume={81},
  number={1},
  pages={2--23},
  year={2009},
  publisher={Springer}
}
@INPROCEEDINGS{fulkerson2009Class, 
author={B. Fulkerson and A. Vedaldi and S. Soatto}, 
booktitle={2009 IEEE 12th International Conference on Computer Vision}, 
title={Class segmentation and object localization with superpixel neighborhoods}, 
year={2009}, 
volume={}, 
number={}, 
pages={670-677}, 
keywords={Computer science;Detectors;Grid computing;Histograms;Image segmentation;Merging;Object detection;Pixel;Statistics;Time measurement}, 
doi={10.1109/ICCV.2009.5459175}, 
ISSN={1550-5499}, 
month={Sept},}

@INPROCEEDINGS{Kohli2008robust, 
author={P. Kohli and L. Ladicky and P. H. S. Torr}, 
booktitle={2008 IEEE Conference on Computer Vision and Pattern Recognition}, 
title={Robust higher order potentials for enforcing label consistency}, 
year={2008}, 
volume={}, 
number={}, 
pages={1-8}, 
ISSN={1063-6919}, 
month={June},}

@INPROCEEDINGS{Ladicky2009hierarchical, 
author={L. Ladický and C. Russell and P. Kohli and P. H. S. Torr}, 
booktitle={2009 IEEE 12th International Conference on Computer Vision}, 
title={Associative hierarchical CRFs for object class image segmentation}, 
year={2009}, 
volume={}, 
number={}, 
pages={739-746}, 
doi={10.1109/ICCV.2009.5459248}, 
ISSN={1550-5499}, 
month={Sept},}